@article{Millan,
  author  = { L. Millán, C. Giribet y G. Aucar},
  journal = {Phys. Chem. Chem. Phys. },
  year    = 2018,
  volume  = 20,
  pages   = {24832-24842}
}
 
@article{QFT,
  author  = {G. A. Aucar},
  journal = {Phys. Chem. Chem. Phys},
  number  = {4420},
  title   = {Toward a QFT-based theory of atomic an molecular properties},
  volume  = {16},
  year    = {2014}
}
 
 @article{Cloppa,
  author  = {Ruiz de Azua; Giribet; Vizioli; Contreras},
  journal = {Journal of Molecular Structure},
  year    = 1998,
  volume  = 444,
  pages   = {221101}
}

 
 @article{JCP,
  author  = {L. Millán, C. Giribet y G. Aucar },
  journal = {J. Chem. Phys.},
  year    = 2020,
  volume  = 153,
  pages   = {221101}
}

 
@article{Revieww,
  author  = {G. A. Aucar, A. F. Maladonado, R. H. Romero},
  journal = {International Reviews in Physical Chemistry},
  number  = {29 1},
  title   = {A powerful theoretical tool for a deeper understanding of NMR
             spectroscopic parameters},
  volume  = {1-64},
  year    = {2010}
}
